
@article{Browning_1987_,
  title = {Seats, {Votes}, and {Gerrymandering}: {Measuring} {Bias} and {Representation} in {Legislative} {Redistricting}},
  volume = {9},
  shorttitle = {Seats, {Votes}, and {Gerrymandering}},
  timestamp = {2017-06-21 23:18:10},
  journal = {Law and {Policy}},
  author = {Browning, {Robert} and {King}, {Gary}},
  year = {1987},
  pages = {305--322}
}

@article{Cabilio_1996_10.2307/3315744,
  title = {{A} simple test of symmetry about an unknown median},
  volume = {24},
  issn = {1708-945X},
  doi = {10.2307/3315744},
  language = {en},
  timestamp = {2017-06-22 22:03:21},
  number = {3},
  journal = {Canadian {Journal} of {Statistics}},
  author = {Cabilio, {Paul} and {Masaro}, {Joe}},
  month = sep,
  year = {1996},
  keywords = {AMS 1991 subject classifications: 62G10, 62G35.,asymmetry,deviations from sample median,Monte Carlo study,robustness of significance level.,skewness,Symmetry},
  pages = {349--361}
}

@article{Chen_2016_10.1016/j.electstud.2016.06.014,
  title = {Evaluating partisan gains from {Congressional} gerrymandering: {Using} computer simulations to estimate the effect of gerrymandering in the {U}.{S}. {House}},
  volume = {44},
  issn = {0261-3794},
  shorttitle = {Evaluating partisan gains from {Congressional} gerrymandering},
  doi = {10.1016/j.electstud.2016.06.014},
  timestamp = {2017-06-21 22:40:37},
  journal = {Electoral {Studies}},
  author = {Chen, {Jowei} and {Cottrell}, {David}},
  month = dec,
  year = {2016},
  keywords = {Electoral bias,Electoral geography,Gerrymandering,Redistricting},
  pages = {329--340}
}

@article{Chen_2015_10.1089/elj.2015.0317,
  title = {Cutting {Through} the {Thicket}: {Redistricting} {Simulations} and the {Detection} of {Partisan} {Gerrymanders}},
  volume = {14},
  issn = {1533-1296},
  shorttitle = {Cutting {Through} the {Thicket}},
  doi = {10.1089/elj.2015.0317},
  timestamp = {2017-06-21 22:38:50},
  number = {4},
  journal = {Election {Law} {Journal}: {Rules}, {Politics}, and {Policy}},
  author = {Chen, {Jowei} and {Rodden}, {Jonathan}},
  month = dec,
  year = {2015},
  pages = {331--345}
}

@article{Chen_2017_,
  title = {The {Impact} of {Political} {Geography} on {Wisconsin} {Redistricting}: {An} {Analysis} of {Wisconsin}'s {Act} 43 {Assembly} {Districting} {Plan}},
  timestamp = {2017-06-29 23:46:01},
  journal = {Election {Law} {Journal}: {Rules}, {Politics}, and {Policy}},
  author = {Chen, {Jowei}},
  year = {2017}
}

@article{Gel_2009_10.1093/lpr/mgp008,
  title = {The effect of dependence between observations on the proper interpretation of statistical evidence},
  volume = {8},
  issn = {1470-8396},
  doi = {10.1093/lpr/mgp008},
  timestamp = {2017-06-22 22:22:44},
  number = {1},
  urldate = {2017-06-22},
  journal = {Law, {Probability} and {Risk}},
  author = {Gel, {Yulia} {R}. and {Miao}, {Weiwen} and {Gastwirth}, {Joseph} {L}.},
  month = mar,
  year = {2009},
  pages = {25--38}
}

@article{Gelman_1990_,
  title = {Estimating the {Electoral} {Consequences} of {Legislative} {Redistricting}},
  volume = {85},
  timestamp = {2017-06-21 23:17:45},
  journal = {Journal of the {American} {Statistical} {Association}},
  author = {Gelman, {Andrew} and {King}, {Gary}},
  year = {1990},
  pages = {274--282}
}

@article{Gelman_1994_,
  title = {{A} {Unified} {Method} of {Evaluating} {Electoral} {Systems} and {Redistricting} {Plans}},
  volume = {38},
  timestamp = {2017-06-21 23:15:48},
  journal = {American {Journal} of {Political} {Science}},
  author = {Gelman, {Andrew} and {King}, {Gary}},
  year = {1994},
  pages = {514--554}
}

@article{Gelman_1994_a,
  title = {Enhancing {Democracy} {Through} {Legislative} {Redistricting}},
  volume = {88},
  timestamp = {2017-06-21 23:16:47},
  journal = {American {Political} {Science} {Review}},
  author = {Gelman, {Andrew} and {King}, {Gary}},
  year = {1994},
  pages = {541--559}
}

@article{Grofman_2008_,
  title = {The {Future} of {Partisan} {Symmetry} as a {Judicial} {Test} for {Partisan} {Gerrymandering} after {LULAC} v. {Perry}},
  volume = {6},
  timestamp = {2017-06-21 23:18:25},
  number = {1},
  journal = {Election {Law} {Journal}},
  author = {Grofman, {Bernard} and {King}, {Gary}},
  year = {2008},
  pages = {2--35}
}

@article{Kaplan_2003_10.1287/opre.51.1.32.12794,
  title = {{A} {New} {Approach} to {Estimating} the {Probability} of {Winning} the {Presidency}},
  volume = {51},
  issn = {0030-364X},
  doi = {10.1287/opre.51.1.32.12794},
  timestamp = {2017-06-29 01:18:48},
  number = {1},
  journal = {Operations {Research}},
  author = {Kaplan, {Edward} {H}. and {Barnett}, {Arnold}},
  month = feb,
  year = {2003},
  pages = {32--40}
}

@article{Kendall_1950_10.2307/588113,
  title = {The {Law} of the {Cubic} {Proportion} in {Election} {Results}},
  volume = {1},
  issn = {0007-1315},
  doi = {10.2307/588113},
  timestamp = {2017-06-21 23:10:40},
  number = {3},
  journal = {The {British} {Journal} of {Sociology}},
  author = {Kendall, {M}. {G}. and {Stuart}, {A}.},
  year = {1950},
  pages = {183--196}
}

@article{King_1989_,
  title = {Representation {Through} {Legislative} {Redistricting}: {A} {Stochastic} {Model}},
  volume = {33},
  shorttitle = {Representation {Through} {Legislative} {Redistricting}},
  timestamp = {2017-06-21 23:20:12},
  journal = {American {Journal} of {Political} {Science}},
  author = {King, {Gary}},
  year = {1989},
  pages = {787--824}
}

@article{Kroese_2014_10.1002/wics.1314,
  title = {Why the {Monte} {Carlo} method is so important today},
  volume = {6},
  issn = {1939-0068},
  doi = {10.1002/wics.1314},
  language = {en},
  timestamp = {2017-06-22 22:52:50},
  number = {6},
  journal = {Wiley {Interdisciplinary} {Reviews}: {Computational} {Statistics}},
  author = {Kroese, {Dirk} {P}. and {Brereton}, {Tim} and {Taimre}, {Thomas} and {Botev}, {Zdravko} {I}.},
  month = nov,
  year = {2014},
  keywords = {estimation,MCMC,Monte Carlo method,randomized optimization,simulation},
  pages = {386--392}
}

@article{McDonald_2015_10.1089/elj.2015.0358,
  title = {Unfair {Partisan} {Gerrymanders} in {Politics} and {Law}: {A} {Diagnostic} {Applied} to {Six} {Cases}},
  volume = {14},
  issn = {1533-1296},
  shorttitle = {Unfair {Partisan} {Gerrymanders} in {Politics} and {Law}},
  doi = {10.1089/elj.2015.0358},
  timestamp = {2017-06-22 20:40:53},
  number = {4},
  journal = {Election {Law} {Journal}: {Rules}, {Politics}, and {Policy}},
  author = {{McDonald}, {Michael} {D}. and {Best}, {Robin} {E}.},
  month = nov,
  year = {2015},
  pages = {312--330}
}

@article{Mira_1999_10.1080/02664769921963,
  title = {Distribution-free test for symmetry based on {Bonferroni}'s measure},
  volume = {26},
  issn = {0266-4763},
  doi = {10.1080/02664769921963},
  timestamp = {2017-06-28 00:22:58},
  number = {8},
  journal = {Journal of {Applied} {Statistics}},
  author = {Mira, {Antonietta}},
  month = dec,
  year = {1999},
  pages = {959--972}
}

@article{Murr_2015_10.1177/2053168015583346,
  title = {The {Party} {Leadership} {Model}: {An} early forecast of the 2015 {British} {General} {Election}},
  volume = {2},
  issn = {2053-1680},
  shorttitle = {The {Party} {Leadership} {Model}},
  doi = {10.1177/2053168015583346},
  language = {en},
  timestamp = {2017-06-29 01:19:16},
  number = {2},
  journal = {Research \& {Politics}},
  author = {Murr, {Andreas} {Erwin}},
  month = jun,
  year = {2015},
  pages = {2053168015583346}
}

@article{Nagle_2015_10.1089/elj.2015.0311,
  title = {Measures of {Partisan} {Bias} for {Legislating} {Fair} {Elections}},
  volume = {14},
  issn = {1533-1296},
  doi = {10.1089/elj.2015.0311},
  timestamp = {2017-06-21 22:36:07},
  number = {4},
  journal = {Election {Law} {Journal}: {Rules}, {Politics}, and {Policy}},
  author = {Nagle, {John} {F}.},
  month = nov,
  year = {2015},
  pages = {346--360}
}

@article{Paolino_2001_,
  title = {Maximum {Likelihood} {Estimation} of {Models} with {Beta}-{Distributed} {Dependent} {Variables}},
  volume = {9},
  issn = {1047-1987},
  timestamp = {2017-06-29 01:18:13},
  number = {4},
  journal = {Political {Analysis}},
  author = {Paolino, {Philip}},
  year = {2001},
  pages = {325--346}
}

@article{Remliger_2017_,
  title = {Personal {Communication}},
  timestamp = {2017-06-28 01:08:41},
  author = {Remliger, {Brian} and {Wang}, {Samuel}},
  month = may,
  year = {2017}
}

@article{Rigdon_2009_10.1177/1532673X08330670,
  title = {{A} {Bayesian} {Prediction} {Model} for the {U}.{S}. {Presidential} {Election}},
  volume = {37},
  issn = {1532-673X},
  doi = {10.1177/1532673X08330670},
  language = {en},
  timestamp = {2017-06-29 01:17:40},
  number = {4},
  journal = {American {Politics} {Research}},
  author = {Rigdon, {Steven} {E}. and {Jacobson}, {Sheldon} {H}. and {Tam} {Cho}, {Wendy} {K}. and {Sewell}, {Edward} {C}. and {Rigdon}, {Christopher} {J}.},
  month = jul,
  year = {2009},
  pages = {700--724}
}

@techreport{Stephanopoulos_2014_,
  address = {Rochester, {NY}},
  type = {{SSRN} {Scholarly} {Paper}},
  title = {Partisan {Gerrymandering} and the {Efficiency} {Gap}},
  timestamp = {2017-06-21 23:09:47},
  number = {ID 2457468},
  urldate = {2017-06-21},
  institution = {Social {Science} {Research} {Network}},
  author = {Stephanopoulos, {Nicholas} and {McGhee}, {Eric}},
  month = oct,
  year = {2014},
  keywords = {Eric  McGhee,Nicholas  Stephanopoulos,Partisan Gerrymandering and the Efficiency Gap,SSRN}
}

@article{Wang_2017_,
  title = {Can math stop partisan gerrymandering?},
  issn = {0458-3035},
  language = {en-US},
  timestamp = {2017-06-28 01:31:51},
  journal = {Los {Angeles} {Times}},
  author = {Wang, {Samuel} and {Remlinger}, {Brian}},
  month = may,
  year = {2017}
}

@article{Wang__,
  title = {Three {Tests} for {Practical} {Evaluation} of {Partisan} {Gerrymandering}},
  volume = {68},
  timestamp = {2017-06-21 22:33:47},
  number = {6},
  urldate = {2017-06-21},
  journal = {Stanford {Law} {Review}},
  author = {Wang, {Samuel}},
  pages = {1263}
}

@article{Wang_2016_10.1089/elj.2016.0387,
  title = {Three {Practical} {Tests} for {Gerrymandering}: {Application} to {Maryland} and {Wisconsin}},
  volume = {15},
  issn = {1533-1296},
  shorttitle = {Three {Practical} {Tests} for {Gerrymandering}},
  doi = {10.1089/elj.2016.0387},
  timestamp = {2017-06-21 22:34:59},
  number = {4},
  journal = {Election {Law} {Journal}: {Rules}, {Politics}, and {Policy}},
  author = {Wang, {Samuel} {S}.-{H}.},
  month = oct,
  year = {2016},
  pages = {367--384}
}

@article{Zheng_2010_,
  pmid = {20664754},
  pmcid = {PMC2907265},
  title = {On {Bootstrap} {Tests} of {Symmetry} {About} an {Unknown} {Median}},
  volume = {8},
  issn = {1680-743X},
  timestamp = {2017-06-22 22:03:55},
  number = {3},
  journal = {Journal of data science : {JDS}},
  author = {Zheng, {Tian} and {Gastwirth}, {Joseph} {L}.},
  month = jul,
  year = {2010},
  pages = {413--427}
}

@misc{__a,
  title = {{A} {New} {Test} of {Symmetry} about an {Unknown} {Median}},
  timestamp = {2017-06-28 00:34:49},
  urldate = {2017-06-28},
  journal = {{ResearchGate}}
}


