
@article{Browning_1987_,
  title = {Seats, Votes, and Gerrymandering: Measuring Bias and Representation in Legislative Redistricting},
  volume = {9},
  shorttitle = {Seats, Votes, and Gerrymandering},
  timestamp = {2017-06-21 23:18:10},
  journal = {Law and Policy},
  author = {Browning, Robert and King, Gary},
  year = {1987},
  pages = {305--322}
}

@article{Chen_2016_10.1016/j.electstud.2016.06.014,
  title = {Evaluating partisan gains from Congressional gerrymandering: Using computer simulations to estimate the effect of gerrymandering in the U.S. House},
  volume = {44},
  issn = {0261-3794},
  shorttitle = {Evaluating partisan gains from Congressional gerrymandering},
  doi = {10.1016/j.electstud.2016.06.014},
  timestamp = {2017-06-21 22:40:37},
  journal = {Electoral Studies},
  author = {Chen, Jowei and Cottrell, David},
  month = dec,
  year = {2016},
  keywords = {Electoral bias,Electoral geography,Gerrymandering,Redistricting},
  pages = {329--340}
}

@article{Chen_2015_10.1089/elj.2015.0317,
  title = {Cutting Through the Thicket: Redistricting Simulations and the Detection of Partisan Gerrymanders},
  volume = {14},
  issn = {1533-1296},
  shorttitle = {Cutting Through the Thicket},
  doi = {10.1089/elj.2015.0317},
  timestamp = {2017-06-21 22:38:50},
  number = {4},
  journal = {Election Law Journal: Rules, Politics, and Policy},
  author = {Chen, Jowei and Rodden, Jonathan},
  month = dec,
  year = {2015},
  pages = {331--345}
}

@article{Gelman_1990_,
  title = {Estimating the Electoral Consequences of Legislative Redistricting},
  volume = {85},
  timestamp = {2017-06-21 23:17:45},
  journal = {Journal of the American Statistical Association},
  author = {Gelman, Andrew and King, Gary},
  year = {1990},
  pages = {274--282}
}

@article{Gelman_1994_,
  title = {A Unified Method of Evaluating Electoral Systems and Redistricting Plans},
  volume = {38},
  timestamp = {2017-06-21 23:15:48},
  journal = {American Journal of Political Science},
  author = {Gelman, Andrew and King, Gary},
  year = {1994},
  pages = {514--554}
}

@article{Gelman_1994_a,
  title = {Enhancing Democracy Through Legislative Redistricting},
  volume = {88},
  timestamp = {2017-06-21 23:16:47},
  journal = {American Political Science Review},
  author = {Gelman, Andrew and King, Gary},
  year = {1994},
  pages = {541--559}
}

@article{Grofman_2008_,
  title = {The Future of Partisan Symmetry as a Judicial Test for Partisan Gerrymandering after {LULAC} v. Perry},
  volume = {6},
  timestamp = {2017-06-21 23:18:25},
  number = {1},
  journal = {Election Law Journal},
  author = {Grofman, Bernard and King, Gary},
  year = {2008},
  pages = {2--35}
}

@article{Kendall_1950_10.2307/588113,
  title = {The Law of the Cubic Proportion in Election Results},
  volume = {1},
  issn = {0007-1315},
  doi = {10.2307/588113},
  timestamp = {2017-06-21 23:10:40},
  number = {3},
  journal = {The British Journal of Sociology},
  author = {Kendall, M. G. and Stuart, A.},
  year = {1950},
  pages = {183--196}
}

@article{King_1989_,
  title = {Representation Through Legislative Redistricting: A Stochastic Model},
  volume = {33},
  shorttitle = {Representation Through Legislative Redistricting},
  timestamp = {2017-06-21 23:20:12},
  journal = {American Journal of Political Science},
  author = {King, Gary},
  year = {1989},
  pages = {787--824}
}

@article{Nagle_2015_10.1089/elj.2015.0311,
  title = {Measures of Partisan Bias for Legislating Fair Elections},
  volume = {14},
  issn = {1533-1296},
  doi = {10.1089/elj.2015.0311},
  timestamp = {2017-06-21 22:36:07},
  number = {4},
  journal = {Election Law Journal: Rules, Politics, and Policy},
  author = {Nagle, John F.},
  month = nov,
  year = {2015},
  pages = {346--360}
}

@techreport{Stephanopoulos_2014_,
  address = {Rochester, {NY}},
  type = {{SSRN} Scholarly Paper},
  title = {Partisan Gerrymandering and the Efficiency Gap},
  timestamp = {2017-06-21 23:09:47},
  number = {ID 2457468},
  urldate = {2017-06-21},
  institution = {Social Science Research Network},
  author = {Stephanopoulos, Nicholas and {McGhee}, Eric},
  month = oct,
  year = {2014},
  keywords = {Eric  McGhee,Nicholas  Stephanopoulos,Partisan Gerrymandering and the Efficiency Gap,SSRN}
}

@article{Wang__,
  title = {Three Tests for Practical Evaluation of Partisan Gerrymandering},
  volume = {68},
  timestamp = {2017-06-21 22:33:47},
  number = {6},
  urldate = {2017-06-21},
  journal = {Stanford Law Review},
  author = {Wang, Samuel},
  pages = {1263}
}

@article{Wang_2016_10.1089/elj.2016.0387,
  title = {Three Practical Tests for Gerrymandering: Application to Maryland and Wisconsin},
  volume = {15},
  issn = {1533-1296},
  shorttitle = {Three Practical Tests for Gerrymandering},
  doi = {10.1089/elj.2016.0387},
  timestamp = {2017-06-21 22:34:59},
  number = {4},
  journal = {Election Law Journal: Rules, Politics, and Policy},
  author = {Wang, Samuel S.-H.},
  month = oct,
  year = {2016},
  pages = {367--384}
}


